# vim: sts=2 sw=2
@article{zhang2020,
  title = {Learning to {Dispatch} for {Job} {Shop} {Scheduling} via {Deep} {Reinforcement} {Learning}},
  url = {http://arxiv.org/abs/2010.12367},
  urldate = {2021-03-31},
  journal = {arXiv:2010.12367 [cs, stat]},
  author = {Zhang, Cong and Song, Wen and Cao, Zhiguang and Zhang, Jie and Tan, Puay Siew and Xu, Chi},
  month = oct,
  year = {2020},
}

@inproceedings{mao2016,
  address = {Atlanta, GA},
  title = {Resource {Management} with {Deep} {Reinforcement} {Learning}},
  doi = {10.1145/3005745.3005750},
  booktitle = {Proceedings of the 15th {ACM} {Workshop} on {Hot} {Topics} in {Networks}},
  publisher = {ACM},
  author = {Mao, Hongzi and Alizadeh, Mohammad and Menache, Ishai and Kandula, Srikanth},
  month = nov,
  year = {2016},
  pages = {50--56},
}

@article{chen2019,
  title = {Learning to perform local rewriting for combinatorial optimization},
  volume = {32},
  journal = {Advances in Neural Information Processing Systems},
  author = {Chen, Xinyun and Tian, Yuandong},
  year = {2019},
  pages = {6281--6292},
}

@inproceedings{mao2019,
  address = {Beijing, China},
  title = {Learning scheduling algorithms for data processing clusters},
  doi = {10.1145/3341302.3342080},
  booktitle = {Proceedings of the {ACM} {Special} {Interest} {Group} on {Data} {Communication}},
  publisher = {ACM},
  author = {Mao, Hongzi and Schwarzkopf, Malte and Venkatakrishnan, Shaileshh Bojja and Meng, Zili and Alizadeh, Mohammad},
  month = aug,
  year = {2019},
  pages = {270--288},
}

@article{zhang2021,
  title = {Surrogate-{Assisted} {Evolutionary} {Multitask} {Genetic} {Programming} for {Dynamic} {Flexible} {Job} {Shop} {Scheduling}},
  doi = {10.1109/TEVC.2021.3065707},
  journal = {IEEE Transactions on Evolutionary Computation},
  author = {Zhang, Fangfang and Mei, Yi and Nguyen, Su and Zhang, Mengjie and Tan, Kay Chen},
  month = mar,
  year = {2021},
  pages = {1--1},
}

@article{francois-lavet2018,
  title = {An {Introduction} to {Deep} {Reinforcement} {Learning}},
  volume = {11},
  doi = {10.1561/2200000071},
  number = {3-4},
  journal = {Foundations and Trends in Machine Learning},
  author = {Francois-Lavet, Vincent and Henderson, Peter and Islam, Riashat and Bellemare, Marc G. and Pineau, Joelle},
  month = nov,
  year = {2018},
  pages = {219--354},
}

@article{flood1956,
  title = {The Traveling-Salesman Problem},
  volume = {4},
  url = {https://www.jstor.org/stable/pdf/167517.pdf},
  number = {1},
  journal = {Operations research},
  author = {Flood, Merrill M},
  year = {1956},
  publisher = {INFORMS},
  pages = {61--75},
}

@article{nagabandi2019,
  title = {Learning to {Adapt} in {Dynamic}, {Real}-{World} {Environments} {Through} {Meta}-{Reinforcement} {Learning}},
  journal = {arXiv:1803.11347 [cs, stat]},
  author = {Nagabandi, Anusha and Clavera, Ignasi and Liu, Simin and Fearing, Ronald S. and Abbeel, Pieter and Levine, Sergey and Finn, Chelsea},
  month = feb,
  year = {2019},
}

@book{russell2010,
  address = {Upper Saddle River},
  edition = {Third},
  series = {Prentice {Hall} series in artificial intelligence},
  title = {Artificial intelligence: a modern approach},
  isbn = {978-0-13-604259-4},
  publisher = {Prentice Hall},
  author = {Russell, Stuart J. and Norvig, Peter},
  year = {2010},
}

@article{jin2018,
  title = {Is {Q}-learning {Provably} {Efficient}?},
  url = {http://arxiv.org/abs/1807.03765},
  urldate = {2021-04-30},
  journal = {arXiv:1807.03765 [cs, math, stat]},
  author = {Jin, Chi and Allen-Zhu, Zeyuan and Bubeck, Sebastien and Jordan, Michael I.},
  month = jul,
  year = {2018},
}

@article{garey1975,
  title={Complexity results for multiprocessor scheduling under resource constraints},
  author={Garey, Michael R and Johnson, David S.},
  journal={SIAM Journal on Computing},
  volume={4},
  number={4},
  pages={397--411},
  year={1975},
  publisher={SIAM},
  doi = {10.1137/0204035}
}

@inbook{carlson2006,
  title = {{P} versus {NP} {Problem}},
  booktitle = {The Millennium Prize Problems},
  editor = {Carlson, J and Jaffe, A and Wiles, A},
  author = {Cook, S},
  year = 2006,
  publisher = {American Mathematical Society},
  address = {Providence, RI},
  isbn = {082183679X},
  chapter = 9,
  pages = {87--106},
}

@mastersthesis{yato2003,
  title = {Complexity and completeness of finding another solution and its application to puzzles},
  author = {Yato, Takayuki},
  school  = {University of Tokyo},
  year    = 2003,
  address = {Tokyo, Japan},
  month   = jan,
  url = {http://www-imai.is.s.u-tokyo.ac.jp/~yato/data2/MasterThesis.pdf},
  urldate = {2021-05-04},
}

@article{rosenberger2012,
  author = {Rosenberger, Jack},
  title = {{P vs. NP poll results}},
  year = 2012,
  month = may,
  journal = {Communications of the ACM},
  volume = 55,
  number = 5,
  pages = 10,
  url = {https://mags.acm.org/communications/201205?pg=12#pg12},
  urldate = {2021-05-04}
}

@incollection{karp1972,
  title = {Reducibility among combinatorial problems},
  author = {Karp, Richard M},
  booktitle = {Complexity of computer computations},
  pages = {85--103},
  year = {1972},
  publisher = {Springer},
  doi = {10.1007/978-1-4684-2001-2_9}
}

@article{patterson2021,
    title={Carbon Emissions and Large Neural Network Training},
    author={David Patterson and Joseph Gonzalez and Quoc Le and Chen Liang and Lluis-Miquel Munguia and Daniel Rothchild and David So and Maud Texier and Jeff Dean},
    year={2021},
    journal = {arXiv:2104.10350 [cs]},
    url = {https://arxiv.org/abs/2104.10350},
    urldate = {2021-05-04},
}

@misc{gym2016,
  Author = {Greg Brockman and Vicki Cheung and Ludwig Pettersson and Jonas Schneider and John Schulman and Jie Tang and Wojciech Zaremba},
  Title = {{OpenAI Gym}},
  Year = {2016},
  url = {https://arxiv.org/abs/1606.01540},
  urldate = {2021-05-06},
  journal = {arXiv:1606.01540 [cs.LG]},
}

@inproceedings{khetarpal2018,
  title={Re-evaluate: Reproducibility in evaluating reinforcement learning algorithms},
  author={Khetarpal, Khimya and Ahmed, Zafarali and Cianflone, Andre and Islam, Riashat and Pineau, Joelle},
  year={2018},
  booktitle = {International Conference on Machine Learning}
}

@inproceedings{jordan2020,
  title={Evaluating the Performance of Reinforcement Learning Algorithms},
  author={Jordan, Scott and Chandak, Yash and Cohen, Daniel and Zhang, Mengxue and Thomas, Philip},
  booktitle={International Conference on Machine Learning},
  pages={4962--4973},
  year={2020},
  month = jul,
  organization={PMLR},
  volume = 119,
}
